<record xmlns:xsi="http://www.w3.org/2001/XMLSchema-instance" xmlns="http://www.loc.gov/MARC21/slim" xsi:schemaLocation="http://www.loc.gov/MARC21/slim http://www.loc.gov/standards/marcxml/schema/MARC21slim.xsd">

  <leader>00580nam a2200145   4500</leader>
  <controlfield tag="008">150806b2013    cr ||||| |||| 00| | spa d</controlfield>
  <datafield ind1=" " tag="090" ind2=" ">
    <subfield code="a">06.02.01 </subfield>
    <subfield code="b">2001 (2013)</subfield>
  </datafield>
  <datafield ind1="1" tag="100" ind2=" ">
    <subfield code="9">741</subfield>
    <subfield code="a">Ramírez Díaz, Nelson </subfield>
  </datafield>
  <datafield ind1=" " tag="245" ind2=" ">
    <subfield code="a">Plan de los 200 días lectivos del Ministerio de Educación Pública de Costa Rica: dirección de bandas de viento /</subfield>
    <subfield code="c">Nelson Ramírez Díaz</subfield>
  </datafield>
  <datafield ind2=" " tag="260" ind1=" ">
    <subfield code="a">San José, Costa Rica :</subfield>
    <subfield code="b">INIE. MEP. Instituto de Desarrollo Profesional Uladislao Gámez Solano,</subfield>
    <subfield code="c">2013</subfield>
  </datafield>
  <datafield tag="300" ind1=" " ind2=" ">
    <subfield code="a">22 páginas</subfield>
  </datafield>
  <datafield ind2="4" ind1="1" tag="650">
    <subfield code="9">729</subfield>
    <subfield code="a">CAPACITACIÓN</subfield>
  </datafield>
  <datafield ind2="4" tag="650" ind1="1">
    <subfield code="9">331</subfield>
    <subfield code="a">DOCENTES</subfield>
  </datafield>
  <datafield tag="942" ind1=" " ind2=" ">
    <subfield code="2">z</subfield>
    <subfield code="c">01</subfield>
  </datafield>
  <datafield ind1=" " tag="999" ind2=" ">
    <subfield code="c">2781</subfield>
    <subfield code="d">2781</subfield>
  </datafield>
</record>